@INPROCEEDINGS{BrattonKennedy,

  author={D. {Bratton} and J. {Kennedy}},

  booktitle={2007 IEEE Swarm Intelligence Symposium}, 

  title={Defining a Standard for Particle Swarm Optimization}, 

  year={2007},

  volume={},

  number={},

  pages={120-127},

  doi={10.1109/SIS.2007.368035}}
  
@article{karinZielinski,
author = {Zielinski, Karin and Laur, Rainer},
year = {2007},
month = {03},
pages = {51-59},
title = {Stopping Criteria for a Constrained Single-Objective Particle Swarm Optimization Algorithm},
volume = {31},
journal = {Informatica (Slovenia)}
}

@article{aguirre2007copso,
  title={COPSO: Constrained Optimization via PSO algorithm},
  author={Aguirre, A Hernandez and Zavala, A Mu{\~n}oz and Diharce, E Villa and Rionda, S Botello},
  journal={Center for Research in Mathematics (CIMAT). Technical report No. I-07-04/22-02-2007},
  volume={77},
  year={2007}
}
